@article{batcher1980design,
  title={Design of a massively parallel processor},
  author={Batcher, K.E.},
  journal={Computers, IEEE Transactions on},
  volume={100},
  number={9},
  pages={836--840},
  year={1980},
  publisher={IEEE}
}

@article{olukotun2005future,
  title={The future of microprocessors},
  author={Olukotun, K. and Hammond, L.},
  journal={Queue},
  volume={3},
  number={7},
  pages={26--29},
  year={2005},
  publisher={ACM}
}

@inproceedings{bell2008tile64,
  title={Tile64-processor: A 64-core soc with mesh interconnect},
  author={Bell, S. and Edwards, B. and Amann, J. and Conlin, R. and Joyce,
                  K. and Leung, V. and MacKay, J. and Reif, M. and Bao, L. and
                  Brown, J. and others},
  booktitle={Solid-State Circuits Conference, 2008. ISSCC 2008. Digest of
                  Technical Papers. IEEE International},
  pages={88--598},
  year={2008},
  organization={IEEE}
}

@article{kongetira2005niagara,
  title={Niagara: A 32-way multithreaded sparc processor},
  author={Kongetira, P. and Aingaran, K. and Olukotun, K.},
  journal={Micro, IEEE},
  volume={25},
  number={2},
  pages={21--29},
  year={2005},
  publisher={IEEE}
}

@misc{wiki:goodyear,
   author = {Wikipedia},
   title = {Goodyear MPP --- {W}ikipedia{,} The Free Encyclopedia},
   year = {2012},
   url = {http://en.wikipedia.org/w/index.php?title=Goodyear_MPP&oldid=503233942},
   note = {[Online; accessed 30-October-2012]}
}

@Book{potter1985mpp,
  title={The {M}assively {P}arallel {P}rocessor},
  author={Potter, J.L.},
  year={1985},
  publisher={The MIT Press, Cambridge, MA}
}